../../../../../../../Programing/LaTeX/biblio/src-gen.bib